@misc{postfix,
  author       = {Runestone academy},
  title        = {Infix, Prefix and Postfix expressions},
  howpublished = {[online]},
  url          = {https://runestone.academy/runestone/books/published/pythonds/BasicDS/InfixPrefixandPostfixExpressions.html},
}
@misc{prectable,
  author       = {Niemann, Tom},
  title        = {Operator precedence parsing},
  howpublished = {[online]},
  url          = {https://epaperpress.com/oper/download/OperatorPrecedenceParsing.pdf},
}